<?xml version="1.0" encoding="UTF-8"?><collection xmlns="http://www.loc.gov/MARC21/slim"><record><leader>00418nam--2200133-i-4500</leader><controlfield tag="001">000000963</controlfield><controlfield tag="002">20161230</controlfield><controlfield tag="005">20161230201024</controlfield><controlfield tag="008">060222s1000------------r-----000-0-eng-d</controlfield><datafield ind1=" " ind2=" " tag="080"><subfield code="a">061.62:001.891(420)</subfield></datafield><datafield ind1=" " ind2=" " tag="100"><subfield code="a">Helliwell, J.R./S.A.</subfield></datafield><datafield ind1=" " ind2=" " tag="245"><subfield code="a">Synchrotron.radiation appendix to the daresbury annual report 1984/1985</subfield></datafield><datafield ind1=" " ind2=" " tag="260"><subfield code="a">Warrington, Science And Engineering Research Council, 1985. V + 174 P</subfield></datafield><datafield ind1=" " ind2=" " tag="852"><subfield code="a">72809</subfield></datafield></record></collection>